@inbook{calcbeta2.1,
    author = "Niels Lauritzen and Klaus Thomsen and Steen Thorbjørnsen",
    title = "Calculus beta 2021",
    publisher = "",
    year = "2021",
    chapter = "2.1",
    keywords  = "calcbeta, definition"
}

@inbook{calcbeta1.16,
    author = "Niels Lauritzen and Klaus Thomsen and Steen Thorbjørnsen",
    title = "Calculus beta 2021",
    publisher = "",
    year = "2021",
    chapter = "1.16",
    keywords  = "calcbeta, definition"
}